<collection xmlns="http://www.loc.gov/MARC21/slim">
<record>
  <leader>01117nam0a22002531i 450 </leader>
  <controlfield tag="001">IT\ICCU\CNCE\038510</controlfield>
  <controlfield tag="005">20080207000000.0</controlfield>
  <datafield tag="012" ind1=" " ind2=" ">
    <subfield code="a">o-an enan r-ne teno (3) 1572 (A)</subfield>
    <subfield code="2">fei</subfield>
  </datafield>
  <datafield tag="100" ind1=" " ind2=" ">
    <subfield code="a">19981030d1572        0itac0103    ba</subfield>
  </datafield>
  <datafield tag="101" ind1=" " ind2=" ">
    <subfield code="a">ITA</subfield>
  </datafield>
  <datafield tag="102" ind1=" " ind2=" ">
    <subfield code="a">IT</subfield>
  </datafield>
  <datafield tag="200" ind1="1" ind2=" ">
    <subfield code="a">℗L&apos;℗Hore di Ricreatione di M. Lodouico Guiciardini ... Nuouamente stampato, et com somma diligenza coretto</subfield>
  </datafield>
  <datafield tag="210" ind1=" " ind2=" ">
    <subfield code="a">In Venetia</subfield>
    <subfield code="c">appresso Christoforo Zanetti</subfield>
    <subfield code="d">1572</subfield>
  </datafield>
  <datafield tag="215" ind1=" " ind2=" ">
    <subfield code="a">381, \34! p.</subfield>
    <subfield code="d">16ʻ</subfield>
  </datafield>
  <datafield tag="620" ind1=" " ind2=" ">
    <subfield code="a">IT</subfield>
    <subfield code="d">Venezia</subfield>
  </datafield>
  <datafield tag="700" ind1=" " ind2="1">
    <subfield code="a">Guicciardini,</subfield>
    <subfield code="b">Lodovico</subfield>
    <subfield code="3">IT\ICCU\CNCA\006363</subfield>
  </datafield>
  <datafield tag="712" ind1="0" ind2="0">
    <subfield code="a">Zanetti, Cristoforo</subfield>
    <subfield code="3">IT\ICCU\CNCT\000245</subfield>
    <subfield code="4">650</subfield>
  </datafield>
  <datafield tag="791" ind1="0" ind2="0">
    <subfield code="a">Zannetti, Cristoforo</subfield>
    <subfield code="3">IT\ICCU\CNCT\003870</subfield>
    <subfield code="z">Zanetti, Cristoforo</subfield>
  </datafield>
  <datafield tag="791" ind1="0" ind2="0">
    <subfield code="a">Zanetos, Cristophoros</subfield>
    <subfield code="3">IT\ICCU\CNCT\005789</subfield>
    <subfield code="z">Zanetti, Cristoforo</subfield>
  </datafield>
  <datafield tag="791" ind1="0" ind2="0">
    <subfield code="a">Zanettus, Christophorus</subfield>
    <subfield code="3">IT\ICCU\CNCT\005790</subfield>
    <subfield code="z">Zanetti, Cristoforo</subfield>
  </datafield>
  <datafield tag="791" ind1="0" ind2="0">
    <subfield code="a">Zanettis, Christophorus de</subfield>
    <subfield code="3">IT\ICCU\CNCT\005791</subfield>
    <subfield code="z">Zanetti, Cristoforo</subfield>
  </datafield>
  <datafield tag="801" ind1=" " ind2="3">
    <subfield code="a">IT</subfield>
    <subfield code="b">ICCU</subfield>
    <subfield code="c">20201114</subfield>
  </datafield>
  <datafield tag="899" ind1=" " ind2=" ">
    <subfield code="a">Biblioteca comunale dell&apos;Archiginnasio. Bologna</subfield>
    <subfield code="1">BO0304</subfield>
    <subfield code="2">UBO GA</subfield>
  </datafield>
  <datafield tag="899" ind1=" " ind2=" ">
    <subfield code="a">Biblioteca civica Queriniana. Brescia</subfield>
    <subfield code="1">BS0026</subfield>
    <subfield code="2">ZBS 01</subfield>
  </datafield>
</record>
</collection>
